<collection xmlns="http://www.loc.gov/MARC21/slim">
<record>
  <leader>01018nam0a22002291i 450 </leader>
  <controlfield tag="001">IT\ICCU\CNCE\063297</controlfield>
  <controlfield tag="005">20060321000000.0</controlfield>
  <datafield tag="100" ind1=" " ind2=" ">
    <subfield code="a">20051222f1523        0itac0103    ba</subfield>
  </datafield>
  <datafield tag="101" ind1=" " ind2=" ">
    <subfield code="a">ITA</subfield>
  </datafield>
  <datafield tag="102" ind1=" " ind2=" ">
    <subfield code="a">IT</subfield>
  </datafield>
  <datafield tag="200" ind1="1" ind2=" ">
    <subfield code="a">℗El ℗lachrimoso lamento che fa il gran maestro de Rodi con gli suoi cauallieri a tutti gli principi della Christianita nella sua partita. Con la presa de Rodi</subfield>
  </datafield>
  <datafield tag="210" ind1=" " ind2=" ">
    <subfield code="d">\circa 1523!</subfield>
    <subfield code="e">Stampata in Roma</subfield>
    <subfield code="g">in campo di Fiore per Antonio Blado Dasola</subfield>
  </datafield>
  <datafield tag="215" ind1=" " ind2=" ">
    <subfield code="a">\4! c.</subfield>
    <subfield code="c">ill.</subfield>
    <subfield code="d">4ʻ</subfield>
  </datafield>
  <datafield tag="300" ind1=" " ind2=" ">
    <subfield code="a">Falsamente attribuita a Giorgio Falconetti. - La data si ricava dal testo</subfield>
  </datafield>
  <datafield tag="500" ind1="1" ind2="1">
    <subfield code="3">IT\ICCU\CNCE\064036</subfield>
    <subfield code="a">Lacrimoso lamento di Rodi</subfield>
  </datafield>
  <datafield tag="620" ind1=" " ind2=" ">
    <subfield code="a">IT</subfield>
    <subfield code="d">Roma</subfield>
  </datafield>
  <datafield tag="702" ind1=" " ind2="1">
    <subfield code="a">Falconetti,</subfield>
    <subfield code="b">Giorgio</subfield>
    <subfield code="3">IT\ICCU\CNCA\005227</subfield>
  </datafield>
  <datafield tag="712" ind1="0" ind2="0">
    <subfield code="a">Blado, Antonio</subfield>
    <subfield code="3">IT\ICCU\CNCT\000157</subfield>
    <subfield code="4">650</subfield>
  </datafield>
  <datafield tag="791" ind1="0" ind2="2">
    <subfield code="a">Antonio d&apos;Asola</subfield>
    <subfield code="3">IT\ICCU\CNCT\003628</subfield>
    <subfield code="z">Blado, Antonio</subfield>
  </datafield>
  <datafield tag="791" ind1="0" ind2="0">
    <subfield code="a">Bladus, Antonius</subfield>
    <subfield code="3">IT\ICCU\CNCT\004402</subfield>
    <subfield code="z">Blado, Antonio</subfield>
  </datafield>
  <datafield tag="791" ind1="0" ind2="0">
    <subfield code="a">Bladi, Antonio de</subfield>
    <subfield code="3">IT\ICCU\CNCT\004403</subfield>
    <subfield code="z">Blado, Antonio</subfield>
  </datafield>
  <datafield tag="801" ind1=" " ind2="3">
    <subfield code="a">IT</subfield>
    <subfield code="b">ICCU</subfield>
    <subfield code="c">20201115</subfield>
  </datafield>
</record>
</collection>
